<?xml version="1.0" encoding="UTF-8"?><record xmlns="http://www.loc.gov/MARC21/slim" xmlns:cinclude="http://apache.org/cocoon/include/1.0" xmlns:zs="http://www.loc.gov/zing/srw/">
  <leader>00615nz  a2200193n  4500</leader>
  <controlfield tag="001">nr 95011825 </controlfield>
  <controlfield tag="003">DLC</controlfield>
  <controlfield tag="005">19950329055055.1</controlfield>
  <controlfield tag="008">950328n| acaaaaaa|          |a ana      </controlfield>
  <datafield tag="010" ind1=" " ind2=" ">
    <subfield code="a">nr 95011825 </subfield>
  </datafield>
  <datafield tag="040" ind1=" " ind2=" ">
    <subfield code="a">DLC-R</subfield>
    <subfield code="c">DLC-R</subfield>
  </datafield>
  <datafield tag="130" ind1=" " ind2="0">
    <subfield code="a">Shiberia Keizai Enjobu chōsa</subfield>
  </datafield>
  <datafield tag="410" ind1="1" ind2="0">
    <subfield code="a">Japan.</subfield>
    <subfield code="b">Gaimushō.</subfield>
    <subfield code="b">Shiberia Keizai Enjobu.</subfield>
    <subfield code="b">Chōsaka.</subfield>
    <subfield code="t">Shiberia Keizai Enjobu chōsa</subfield>
  </datafield>
  <datafield tag="642" ind1=" " ind2=" ">
    <subfield code="a">dai 13-gō</subfield>
    <subfield code="5">DLC</subfield>
  </datafield>
  <datafield tag="643" ind1=" " ind2=" ">
    <subfield code="a">Tōkyō</subfield>
    <subfield code="b">Gaimushō Shiberia Keizai Enjobu Chōsaka</subfield>
  </datafield>
  <datafield tag="644" ind1=" " ind2=" ">
    <subfield code="a">f</subfield>
    <subfield code="5">DLC</subfield>
  </datafield>
  <datafield tag="645" ind1=" " ind2=" ">
    <subfield code="a">t</subfield>
    <subfield code="5">DLC</subfield>
  </datafield>
  <datafield tag="646" ind1=" " ind2=" ">
    <subfield code="a">s</subfield>
    <subfield code="5">DLC</subfield>
  </datafield>
  <datafield tag="670" ind1=" " ind2=" ">
    <subfield code="a">Odessa keizai jijō, 1919:</subfield>
    <subfield code="b">t.p. (Shiberia Keizai Enjobu chōsa)</subfield>
  </datafield>
</record>